@data{CycleIV,
  Author = {Gunther, Heinz and Hasselmann, Susanne and Janssen, PAEM},
  Title = {{The WAM Model cycle 4}},
  Source = {{World Data Centre for Climate}},
  Year = {{2009}},
  Abstract = {{Wamodel Cycle 4 (revised version)}},
  Type = {{Data study}},
  Language = {{English}},
  DOI = {{http://dx.doi.org/10.2312/WDCC/DKRZ\_Report\_No04}},
  Keywords = {{climate}},
  Subject-Category = {{Meteorology \& Atmospheric Sciences}},
  Web-of-Science-Category  = {{Meteorology \& Atmospheric Sciences}},
  Number-of-Cited-References = {{0}},
  Times-Cited = {{0}},
  Usage-Count-(Last-180-days) = {{0}},
  Usage-Count-Since 2013 = {{0}},
  Data-Type = {{DKRZ Series Technical Report}},
}

